@InProceedings{Dragojevic:2015:NCD:2815400.2815425,
  Title                    = {No Compromises: Distributed Transactions with Consistency, Availability, and Performance},
  Author                   = {Dragojevi\'{c}, Aleksandar and Narayanan, Dushyanth and Nightingale, Edmund B. and Renzelmann, Matthew and Shamis, Alex and Badam, Anirudh and Castro, Miguel},
  Booktitle                = {Proceedings of the 25th Symposium on Operating Systems Principles},
  Year                     = {2015},
  Pages                    = {54--70},
  Series                   = {SOSP~'15},

  Acmid                    = {2815425},
  Doi                      = {10.1145/2815400.2815425},
  ISBN                     = {978-1-4503-3834-9},
  Location                 = {Monterey, California},
  Numpages                 = {17},
  Url                      = {http://doi.acm.org/10.1145/2815400.2815425}
}
